@misc{mcmahan2017communicationefficient,
      title={Communication-Efficient Learning of Deep Networks from Decentralized Data}, 
      author={H. Brendan McMahan and Eider Moore and Daniel Ramage and Seth Hampson and Blaise Agüera y Arcas},
      year={2017},
      eprint={1602.05629},
      archivePrefix={arXiv},
      primaryClass={cs.LG}
}

@misc{liu2020communication,
      title={A Communication Efficient Collaborative Learning Framework for Distributed Features}, 
      author={Yang Liu and Yan Kang and Xinwei Zhang and Liping Li and Yong Cheng and Tianjian Chen and Mingyi Hong and Qiang Yang},
      year={2020},
      eprint={1912.11187},
      archivePrefix={arXiv},
      primaryClass={cs.LG}
}

@ARTICLE{1965AuJPh..18..271K,
       author = {{Kundu}, S.~K.},
        title = "{Two-stream instabilities in a plasma}",
      journal = {Australian Journal of Physics},
         year = 1965,
        month = jun,
       volume = {18},
        pages = {271},
          doi = {10.1071/PH650271},
       adsurl = {https://ui.adsabs.harvard.edu/abs/1965AuJPh..18..271K},
      adsnote = {Provided by the SAO/NASA Astrophysics Data System}
}

@unknown{unknown,
author = {Liu, Lumin and Zhang, Jun and Song, S. and Letaief, Khaled},
year = {2019},
month = {05},
pages = {},
title = {Edge-Assisted Hierarchical Federated Learning with Non-IID Data}
}

@inproceedings{45648,
title	= {Federated Learning: Strategies for Improving Communication Efficiency},
author	= {Jakub Konečný and H. Brendan McMahan and Felix X. Yu and Peter Richtarik and Ananda Theertha Suresh and Dave Bacon},
year	= {2016},
URL	= {https://arxiv.org/abs/1610.05492},
booktitle	= {NIPS Workshop on Private Multi-Party Machine Learning}
}

@misc{caldas2019expanding,
      title={Expanding the Reach of Federated Learning by Reducing Client Resource Requirements}, 
      author={Sebastian Caldas and Jakub Konečny and H. Brendan McMahan and Ameet Talwalkar},
      year={2019},
      eprint={1812.07210},
      archivePrefix={arXiv},
      primaryClass={cs.LG}
}

@inproceedings {216799,
                author = {Zeyi Tao and Qun Li},
                title = {eSGD: Communication Efficient Distributed Deep Learning on the Edge},
                booktitle = {{USENIX} Workshop on Hot Topics in Edge Computing (HotEdge 18)},
                year = {2018},
                address = {Boston, MA},
                url = {https://www.usenix.org/conference/hotedge18/presentation/tao},
                publisher = {{USENIX} Association},
                month = jul,
}

@INPROCEEDINGS{8885054,  
author={L. {WANG} and W. {WANG} and B. {LI}},  
booktitle={2019 IEEE 39th International Conference on Distributed Computing Systems (ICDCS)},   
title={CMFL: Mitigating Communication Overhead for Federated Learning},   
year={2019},  
volume={},  
number={},  
pages={954-964},  
doi={10.1109/ICDCS.2019.00099}}

@article {Nishio_2019,
   title={Client Selection for Federated Learning with Heterogeneous Resources in Mobile Edge},
   ISBN={9781538680889},
   url={http://dx.doi.org/10.1109/ICC.2019.8761315},
   DOI={10.1109/icc.2019.8761315},
   journal={ICC 2019 - 2019 IEEE International Conference on Communications (ICC)},
   publisher={IEEE},
   author={Nishio, Takayuki and Yonetani, Ryo},
   year={2019},
   month={May}
}

@inproceedings{inproceedings,
                author = {WANG, Luping and WANG, Wei and LI, Bo},
                year = {2019},
                month = {07},
                pages = {954-964},
                title = {CMFL: Mitigating Communication Overhead for Federated Learning},
                doi = {10.1109/ICDCS.2019.00099}
}

@ARTICLE{8716527,
  author={T. T. {Anh} and N. C. {Luong} and D. {Niyato} and D. I. {Kim} and L. {Wang}},
  journal={IEEE Wireless Communications Letters}, 
  title={Efficient Training Management for Mobile Crowd-Machine Learning: A Deep Reinforcement Learning Approach}, 
  year={2019},
  volume={8},
  number={5},
  pages={1345-1348},
  doi={10.1109/LWC.2019.2917133}
  }

@misc{nguyen2019resource,
    title={Resource Allocation in Mobility-Aware Federated Learning Networks: A Deep Reinforcement Learning Approach}, 
    author={Huy T. Nguyen and Nguyen Cong Luong and Jun Zhao and Chau Yuen and Dusit Niyato},
    year={2019},
    eprint={1910.09172},
    archivePrefix={arXiv},
    primaryClass={cs.NI}
}

@ARTICLE{8870236,
    author={G. {Zhu} and Y. {Wang} and K. {Huang}},
    journal={IEEE Transactions on Wireless Communications}, 
    title={Broadband Analog Aggregation for Low-Latency Federated Edge Learning}, 
    year={2020},
    volume={19},
    number={1},
    pages={491-506},
    doi={10.1109/TWC.2019.2946245}}

@ARTICLE{8952884,
  author={K. {Yang} and T. {Jiang} and Y. {Shi} and Z. {Ding}},
  journal={IEEE Transactions on Wireless Communications}, 
  title={Federated Learning via Over-the-Air Computation}, 
  year={2020},
  volume={19},
  number={3},
  pages={2022-2035},
  doi={10.1109/TWC.2019.2961673}}

@misc{amiri2020federated,
      title={Federated Learning over Wireless Fading Channels}, 
      author={Mohammad Mohammadi Amiri and Deniz Gunduz},
      year={2020},
      eprint={1907.09769},
      archivePrefix={arXiv},
      primaryClass={cs.IT}
}

@misc{wang2019adaptive,
      title={Adaptive Federated Learning in Resource Constrained Edge Computing Systems}, 
      author={Shiqiang Wang and Tiffany Tuor and Theodoros Salonidis and Kin K. Leung and Christian Makaya and Ting He and Kevin Chan},
      year={2019},
      eprint={1804.05271},
      archivePrefix={arXiv},
      primaryClass={cs.DC}
}

@article{Abadi_2016,
   title={Deep Learning with Differential Privacy},
   ISBN={9781450341394},
   url={http://dx.doi.org/10.1145/2976749.2978318},
   DOI={10.1145/2976749.2978318},
   journal={Proceedings of the 2016 ACM SIGSAC Conference on Computer and Communications Security},
   publisher={ACM},
   author={Abadi, Martin and Chu, Andy and Goodfellow, Ian and McMahan, H. Brendan and Mironov, Ilya and Talwar, Kunal and Zhang, Li},
   year={2016},
   month={Oct}
}

@misc{geyer2018differentially,
      title={Differentially Private Federated Learning: A Client Level Perspective}, 
      author={Robin C. Geyer and Tassilo Klein and Moin Nabi},
      year={2018},
      eprint={1712.07557},
      archivePrefix={arXiv},
      primaryClass={cs.CR}
}

@INPROCEEDINGS{7447103,  
author={R. {Shokri} and V. {Shmatikov}},  
booktitle={2015 53rd Annual Allerton Conference on Communication, Control, and Computing (Allerton)},
title={Privacy-preserving deep learning},   
year={2015},  
volume={}, 
number={},  
pages={909-910},  
doi={10.1109/ALLERTON.2015.7447103}}

@misc{liu2020boosting,
      title={Boosting Privately: Privacy-Preserving Federated Extreme Boosting for Mobile Crowdsensing}, 
      author={Yang Liu and Zhuo Ma and Ximeng Liu and Siqi Ma and Surya Nepal and Robert Deng},
      year={2020},
      eprint={1907.10218},
      archivePrefix={arXiv},
      primaryClass={cs.CR}
}

@ARTICLE{9091604,  
author={A. {Triastcyn} and B. {Faltings}},  
journal={IEEE Intelligent Systems},   
title={Federated Generative Privacy},   
year={2020},  
volume={35},  
number={4},  
pages={50-57},  
doi={10.1109/MIS.2020.2993966}}

@misc{fung2020mitigating,
      title={Mitigating Sybils in Federated Learning Poisoning}, 
      author={Clement Fung and Chris J. M. Yoon and Ivan Beschastnikh},
      year={2020},
      eprint={1808.04866},
      archivePrefix={arXiv},
      primaryClass={cs.LG}
}

@misc{bhagoji2019analyzing,
      title={Analyzing Federated Learning through an Adversarial Lens}, 
      author={Arjun Nitin Bhagoji and Supriyo Chakraborty and Prateek Mittal and Seraphin Calo},
      year={2019},
      eprint={1811.12470},
      archivePrefix={arXiv},
      primaryClass={cs.LG}
}

@misc{kim2019blockchained,
      title={Blockchained On-Device Federated Learning}, 
      author={Hyesung Kim and Jihong Park and Mehdi Bennis and Seong-Lyun Kim},
      year={2019},
      eprint={1808.03949},
      archivePrefix={arXiv},
      primaryClass={cs.IT}
}

