@article{article1,
    author = {Asad, Muhammad and Moustafa, Ahmed and Ito, Takayuki},
    year = {2020},
    month = {04},
    pages = {1-17},
    title = {FedOpt: Towards Communication Efficiency and Privacy Preservation in Federated Learning},
    volume = {10},
    journal = {Applied Sciences},
    doi = {10.3390/app10082864}
}

@article{DBLP:journals/corr/abs-1902-11175,
  author    = {Neel Guha and
               Ameet Talwalkar and
               Virginia Smith},
  title     = {One-Shot Federated Learning},
  journal   = {CoRR},
  volume    = {abs/1902.11175},
  year      = {2019},
  url       = {http://arxiv.org/abs/1902.11175},
  archivePrefix = {arXiv},
  eprint    = {1902.11175},
  timestamp = {Tue, 21 May 2019 18:03:40 +0200},
  biburl    = {https://dblp.org/rec/journals/corr/abs-1902-11175.bib},
  bibsource = {dblp computer science bibliography, https://dblp.org}
}

@article{DBLP:journals/corr/abs-1812-07210,
  author    = {Sebastian Caldas and
               Jakub Konecn{\'{y}} and
               H. Brendan McMahan and
               Ameet Talwalkar},
  title     = {Expanding the Reach of Federated Learning by Reducing Client Resource
               Requirements},
  journal   = {CoRR},
  volume    = {abs/1812.07210},
  year      = {2018},
  url       = {http://arxiv.org/abs/1812.07210},
  archivePrefix = {arXiv},
  eprint    = {1812.07210},
  timestamp = {Tue, 01 Jan 2019 15:01:25 +0100},
  biburl    = {https://dblp.org/rec/journals/corr/abs-1812-07210.bib},
  bibsource = {dblp computer science bibliography, https://dblp.org}
}